<record><leader>00000cas a22000007a 4500</leader><controlfield tag="001">17925063</controlfield><controlfield tag="008">880509d19uu1961gaumr ne      0    0eng d</controlfield><datafield ind1=" " ind2=" " tag="010"><subfield code="a">sn 90052398 </subfield></datafield><datafield ind1=" " ind2=" " tag="040"><subfield code="a">GUA</subfield><subfield code="b">eng</subfield><subfield code="c">GUA</subfield><subfield code="d">NLG</subfield><subfield code="d">OCLCQ</subfield></datafield><datafield ind1=" " ind2=" " tag="042"><subfield code="a">msc</subfield></datafield><datafield ind1=" " ind2=" " tag="090"><subfield code="a">AN11.C7</subfield><subfield code="b">G352</subfield></datafield><datafield ind1="0" ind2=" " tag="130"><subfield code="a">Georgia tribune (Columbus, Ga.)</subfield></datafield><datafield ind1="1" ind2="4" tag="245"><subfield code="a">The Georgia tribune.</subfield></datafield><datafield ind1=" " ind2=" " tag="260"><subfield code="a">Columbus, Ga. :</subfield><subfield code="b">Georgia Tribune Pub. Co.</subfield></datafield><datafield ind1=" " ind2=" " tag="300"><subfield code="a">v.</subfield></datafield><datafield ind1=" " ind2=" " tag="310"><subfield code="a">Monthly,</subfield><subfield code="b">Dec. 1960-July 1961</subfield></datafield><datafield ind1=" " ind2=" " tag="321"><subfield code="a">Weekly,</subfield><subfield code="b">&lt;Apr. 10, 1947&gt;-Nov. 17, 1960</subfield></datafield><datafield ind1="0" ind2=" " tag="362"><subfield code="a">-v. 29, no. [4] (July 1961).</subfield></datafield><datafield ind1=" " ind2=" " tag="500"><subfield code="a">Some issues for 1947 have subtitle: Georgia's state-wide weekly.</subfield></datafield><datafield ind1=" " ind2=" " tag="588"><subfield code="a">Description based on: Vol. 15, no. 5 (May 8, 1947).</subfield></datafield><datafield ind1=" " ind2="4" tag="651"><subfield code="a">Columbus (Ga.)</subfield><subfield code="v">Newspapers.</subfield></datafield><datafield ind1=" " ind2=" " tag="752"><subfield code="a">United States</subfield><subfield code="b">Georgia</subfield><subfield code="c">Muscogee</subfield><subfield code="d">Columbus.</subfield></datafield><datafield ind1="1" ind2=" " tag="029"><subfield code="a">AU@</subfield><subfield code="b">000020591185</subfield></datafield></record>